% Encoding: UTF-8
@entry{sample,
name = {sample},
description = {an example}
}

@entry{function,
symbol = {\ensuremath{f}},
name = {function},
description = {a function}
}

@acronym{ex,
short = {EX},
long = {example}
}

@acronym{abbr,
short = {abbr},
long = {abbreviation}
}

@entry{fx,
name = {\ensuremath{f(x)}},
description = {a function of $x$},
type = {symbols}
}

@entry{dfx,
name = {\ensuremath{f'(x)}},
description = {a derivative of the function $f(x)$},
type = {symbols}
}