% bib on this software 


@manual{LatexPlugin,
author       = {E. Rei√üner},
title        = {Manual for the latex-maven-plugin and for an according ant-task, Version X.Y},
note         = {The current version is vailable at \url{http://www.simuline.eu/LatexMavenPlugin/manualLMP.pdf}}
}

