@misc{BibMar,
    author  = {Nicolas Markey},
    title   = {Tame the BeaST - The B to X of BibTEX},
    month   = {10},
    year    = {2009},
    howpublished = {manuscript},
    note    ={markey@lsv.ens-cachan.fr}
 }
@misc{MkIdxMoe,
    author  = {Peter M{\"o}sgen},
    title   = {Makeindex {S}achregister erstellen mit {LATEX}},
    month   = {5},
    year    = {1998},
    howpublished   = {Katholische Universit{\"a}t Eichst{\"a}tt Universit{\"a}tsrechenzentrum},
 }
@Book{Gra,
  author = 	 {George Gr{\"a}tzer},
  title = 	 {Math into Latex},
  publisher = 	 {Springer Science},
  year = 	 {1996},
  address = 	 {New York},
}


