% tools and mixed tools with packages 
% but no editors and IDEs


% bib on bibtex 
@misc{BibPat,
author  = {Oren Patashnik},
title   = {Bib{TEX}ing},
month   = {2},
year    = {1988},
howpublished = {manuscript}
}

@misc{BibMar,
author  = {Nicolas Markey},
title   = {Tame the {B}ea{ST} - The {B} to {X} of {B}ib{TEX}},
month   = {10},
year    = {2009},
howpublished = {manuscript},
note    = {markey@lsv.ens-cachan.fr}
}

% bib on making bibliography wit biber 
@Manual{Biber,
title   = {biber: {A} backend bibliography processor for biblatex},
author  = {Philip Kime and François Charette},
address = {\url{https://master.dl.sourceforge.net/project/biblatex-biber/biblatex-biber/development/documentation/biber.pdf?viasf=1}},
month   = {3},
year    = {2024},
note    = {Version 2.20, fits biblatex 3.20}
}

% bib on creating an index using makeindex 
@misc{MkIdxLam,
author  = {Leslie Lamport},
title   = {{M}ake{I}ndex : {A}n {I}ndex {P}rocessor {F}or {{\LaTeX}}},
month   = {2},
year    = {1987}
}


@Misc{MakeIdxOpts,
title = 	 {Make{I}ndex - ein {I}ndexprozessor f{\"u}er {{\LaTeX}}},
key =          {LRZ},
howpublished = {\url{https://www.lrz.de} Menues: services, software, textverarbeitung, makeindex}},
note = 	 {LRZ:  Leibnitz Rechenzentrum der Bayerischen Akademie der Wissenschaften},
annote = 	 {LRZ:  Leibnitz Rechenzentrum der Bayerischen Akademie der Wissenschaften}
}


@misc{MkIdxMoe,
author  = {Peter M{\"o}sgen},
title   = {Makeindex {S}achregister erstellen mit {{\LaTeX}}},
month   = {5},
year    = {1998},
howpublished   = {Katholische Universit{\"a}t Eichst{\"a}tt Universit{\"a}tsrechenzentrum},
}


@Manual{SplitidxP,
title = 	 {Creating More Than One Index Using splitidx and SplitIndex},
author = 	 {M. Kohm},
address = 	 {\url{https://www.ctan.org/pkg/splitindex?lang=en}},
edition = 	 {v1.2c},
month = 	 {2},
year = 	 {2016},
note = 	 {komascript@gmx.info}
}

@Misc{UpMendex,
title = 	 {upmendex manual pages},
author =       {Takuji Tanaka},
howpublished = {\url{https://ctan.org/pkg/upmendex/} \url{https://github.com/t-tk/upmendex-package}},
month = 	 {2},
year = 	 {2020},
note = 	 {Version 0.54, contact: ttk@t-lab.poal.ne.jp},
annote = 	 {}
}

  % This is outdated 
Misc{XindyMan,
title        = {xindy manual pages},
author       = {Joachim Schrod},
howpublished = {\url{https://ctan.org/pkg/xindy}},
month        = {5},
year         = {2004},
note         = {Version 1.2},
annote       = {}
}

@Misc{XindyMan,
title        = {xindy manual pages},
author       = {Joachim Schrod},
howpublished = {\url{https://github.com/jschrod/xindy.ctan/blob/master/doc/xindy.pdf}},
month        = {5},
year         = {2014},
note         = {Version 2.5.0},
annote       = {}
}

@Misc{Xindy20,
title        = {xindy manual},
author       = {Roger Kehr},
howpublished = {\url{http://www.xindy.org/doc/manual.html}},
month        = {1},
year         = {2004},
note         = {Version 2.0},
annote       = {do not mix up with manual pages}
}

@Misc{XindyTut,
title        = {{XINDY} {A} {F}lexible {I}ndexing {S}ystem (tutorial)},
author       = {Roger Kehr},
howpublished = {\url{http://www.xindy.org/doc/tutorial.html}},
year         = {1997},
note         = {Version 1.1},
annote       = {}
}

@Manual{GloExB2Gintro,
title = 	 {glossaries-extra and bib2gls: An Introductory Guide},
author = 	 {N. L.C. Talbot},
organization =  {dickimaw-books},
address = 	 {\url{http://www.dickimaw-books.com/}},
month = 	 {11},
year = 	 {2021}
}

@Manual{B2G,
title = 	 {bib2gls: a command line Java
application to convert .bib files to
glossaries-extra.sty resource files},
author = 	 {N. L.C. Talbot},
organization =  {dickimaw-books},
address = 	 {\url{http://www.dickimaw-books.com/}},
month = 	 {11},
year = 	 {2021}
}


% bib of latexmk

@misc{LatexMk23,
author       = {J. Collins},
title        = {latexmk - generate LaTeX document },
howpublished = {available at \url{https://ctan.org/pkg/latexmk/?lang=en}},
month        = {4},
year         = {2023}
}



@Manual{GnuPlot6_0,
title = 	 {gnuplot 6.0 -- {A}n {I}nteractive {P}lotting {P}rogram},
author = 	 {Thomas Williams and Colin Kelley},
address = 	 {\url{http://www.gnuplot.info/docs_6.0/Gnuplot_6.pdf}},
month = 	 {12},
year = 	 {2023},
note = 	 {Version 6.0}
}
@Manual{GnuPlot5_4,
  title = 	 {gnuplot 5.4 -- {A}n {I}nteractive {P}lotting {P}rogram},
  author = 	 {Thomas Williams and Colin Kelley},
  address = 	 {\url{http://www.gnuplot.info/docs_5.4/Gnuplot_5_4.pdf}},
  month = 	 {7},
  year = 	 {2020},
  note = 	 {Version 5.4}
}
@Manual{GnuPlot5_0,
  title = 	 {gnuplot 5.0 -- {A}n {I}nteractive {P}lotting {P}rogram},
  author = 	 {Thomas Williams and Colin Kelley},
  address = 	 {\url{http://www.gnuplot.info/docs_5.0/gnuplot.pdf}},
  month = 	 {1},
  year = 	 {2016},
  note = 	 {Version 5.0.2}
}

% http://metafont.tutorial.free.fr/downloads/mftut.pdf
@misc{MetafTut,
author = {Chr. Grandsire},
title = {The {METAFONT} tutorial},
month = {12},
year = {2004},
howpublished = {\url{http://metafont.tutorial.free.fr/downloads/mftut.pdf}},
note = {version 0.33}
}
  

@Manual{MPost14,
  title  = {{M}eta{P}ost, a user{'}s manual},
  author = {John D. Hobby},
  month  = {5},
  year   = {2014},
  note   = {for version 2.00}
}

@Manual{MPost24,
title  = {{M}eta{P}ost, a user{'}s manual},
author = {John D. Hobby},
month  = {2},
year   = {2024},
note   = {for version 2.10, \url{https://www.tug.org/docs/metapost/mpman.pdf}}
}

@Manual{MPostGuid,
title = 	 {A Beginner's Guide to {M}eta{P}ost for {C}reating {H}igh-{Q}uality {G}raphics},
author = 	 {T. Henderson and S. Hennig},
month = 	 {6},
year = 	 {2013},
note = 	 {\url{https://www.tug.org/docs/metapost/mpintro.pdf}}
}

@misc{MPostTut,
title = 	 {Learning {M}eta{P}ost by Doing},
author = 	 {A. Heck},
year = 	 {2005},
note = 	 {\url{https://staff.fnwi.uva.nl/a.j.p.heck/Courses/mptut.pdf}}
}

% https://www.ntg.nl/maps/28/16.pdf
@article{MpPract,
author = {F. Popineau},
title = 	 {Practical {M}eta{P}ost},
journal = {MAPS},
volume = {28},
year = {2002},
pages = {80-85}
}

  % bib for latex2rtf 
@Misc{RtfGL,
author = 	 {G. Lehner},
title = 	 {{LATEX2RTF} {A} converter from {{\LaTeX}} to {RTF}},
howpublished = {manuscript},
note = 	 {Edition 0.7.10 for program version 2.3.9}
}

  % bib for chktex
@Manual{ChkTeX,
title = 	 {{C}hk{TEX} v1.7.6},
author = 	 {Jens T. Berger Thielemann},
address = 	 {Jens Berger, Spektrumvn. 4, N-0666 Oslo, jensthi@ifi.uio.no},
month = 	 {9},
year = 	 {2016}
}

@Manual{ChkTeX22,
title   = {{C}hk{TEX} v1.7.8},
author  = {Jens T. Berger Thielemann},
address = {Jens Berger, Spektrumvn. 4, N-0666 Oslo, jensthi@ifi.uio.no},
month   = {10},
year    = {2022},
note    = {New maintainer: Ivan Andrus, darthandrus@gmail.com}
}

  % bib on tex processors 

% TBD: retry with biber: {H{à}n Th{ế} Th{à}nh
@manual{PdfTexUsr24,
title = 	 {The pdf{TEX} user manual},
author = {Han The Thanh and H. Hagen and H. Henkel and K. Berry},
howpublished = {\url{https://ctan.org/pkg/pdftex?lang=en}},
month = 	 {2},
year = 	 {2024},
note = 	 {For pdftex 1.40.26. A copy is within the documentation of this software}
}

@manual{PdfTexUsr23,
  title = 	 {The pdf{TEX} user manual},
  author = {Han The Thanh and H. Hagen and H. Henkel and K. Berry},
  month = 	 {2},
  year = 	 {2023},
  note = 	 {For pdftex 1.40.24. A copy is within the documentation of this software}
}

@manual{LuaTexRef24,
title = 	 {Lua{TEX} {R}eference {M}anual},
author = {H. Hagen and H. Henkel and T. Hoekwater and L. Scarso},
howpublished = {\url{https://ctan.net/systems/doc/luatex/luatex.pdf}},
month = 	 {2},
year = 	 {2024},
note = 	 {Refers to version 1.18. A copy is within the documentation of this software}
}

@manual{LuaTexRef23,
title = 	 {Lua{TEX} {R}eference {M}anual},
author = {H. Hagen and H. Henkel and T. Hoekwater and L. Scarso},
month = 	 {4},
year = 	 {2023},
note = 	 {Refers to version 1.17. A copy is within the documentation of this software}
}

  %{XƎTEX} works maybe with biber, lets seee
@manual{XeTexRef24,
title = 	 {The {XETEX} reference guide},
author = {W. Robertson and K. Hosny and K. Berry},
howpublished = {\url{https://ctan.org/pkg/xetexref}},
month = 	 {3},
year = 	 {2024},
note = 	 {Refers to version  0.999996. A copy is within the documentation of this software}
}

@manual{XeTexRef23,
title = 	 {The {XETEX} reference guide},
author = {W. Robertson and K. Hosny and K. Berry},
month = 	 {2},
year = 	 {2023},
note = 	 {Refers to version  0.999995. A copy is within the documentation of this software}
}





% bib on dvi format and processors


@Misc{DviType,
key          = {Fuchs},
title        = {The {DVI}type processor},
howpublished = {texdoc dvitype},
month        = {12},
year         = {1995},
note         = {Version 3.6}
}


@Manual{DviPdfM,
  title = 	 {{D}vipdfm {U}ser{'}s {M}anual},
  author = 	 {Mark A. Wicks},
  howpublished = {\url{https://ctan.space-pro.be/tex-archive/dviware/dvipdfm/dvipdfm.pdf}},
  month = 	 {9},
  year = 	 {1999},
  note = 	 {Version 0.12.4b},
}

@Manual{DviPdfMx,
title = 	 {{D}vipdfmx {U}ser{'}s {M}anual},
author = 	 {The Dvipdfmx Project Team},
howpublished = {\url{https://tug.org/dvipdfmx/doc/dvipdfmx/dvipdfmx.pdf}},
month = 	 {6},
year = 	 {2020},
note = 	 {Version 0.12.4b},
}

@manual{mk4ht,
author  = {Michal Hoftich},
title   = {The make4ht build system},
address = {\url{mailto:michal.h21@gmail.com}},
month   = {2},
year    = {2023}, 
note    = {\url{https://ctan.org/pkg/make4ht}}
}

@manual{tlmgr,
title = 	 {Basic {U}sage of tlmgr, the {TEX} {L}ive {M}anager},
author = {B. Tennent, editor},
howpublished = {\url{http://tug.ctan.org/info/tlmgrbasics/doc/tlmgr.pdf}},
month = 	 {2},
year = 	 {2023},
note = 	 {A copy is within the documentation of this software}
}
